@article{strub2002altimeter,
  title={Altimeter-derived surface circulation in the large--scale \text{NE} \text{P}acific \text{G}yres.: Part 1. seasonal variability},
  author={Strub, P Ted and James, Corinne},
  journal={Progress in Oceanography},
  volume={53},
  number={2-4},
  pages={163--183},
  year={2002},
  publisher={Elsevier}
}

@article{mcphaden1999genesis,
  title={Genesis and evolution of the 1997-98 \text{E}l \text{N}i{\~n}o},
  author={McPhaden, Michael J},
  journal={Science},
  volume={283},
  number={5404},
  pages={950--954},
  year={1999},
  publisher={American Association for the Advancement of Science}
}

@article{mantua1997pacific,
  title={A \text{P}acific interdecadal climate oscillation with impacts on salmon production},
  author={Mantua, Nathan J and Hare, Steven R and Zhang, Yuan and Wallace, John M and Francis, Robert C},
  journal={Bulletin of the american Meteorological Society},
  volume={78},
  number={6},
  pages={1069--1080},
  year={1997},
  publisher={American Meteorological Society}
}

@article{bond2015causes,
  title={Causes and impacts of the 2014 warm anomaly in the \text{NE} \text{P}acific},
  author={Bond, Nicholas A and Cronin, Meghan F and Freeland, Howard and Mantua, Nathan},
  journal={Geophysical Research Letters},
  volume={42},
  number={9},
  pages={3414--3420},
  year={2015},
  publisher={Wiley Online Library}
}

@article{kosro2006physical,
  title={Physical versus biological spring transition: 2005},
  author={Kosro, P Michael and Peterson, William T and Hickey, Barbara M and Shearman, R Kipp and Pierce, Stephen D},
  journal={Geophysical research letters},
  volume={33},
  number={22},
  year={2006},
  publisher={Wiley Online Library}
}

@article{chhak2007decadal,
  title={Decadal variations in the \text{C}alifornia \text{C}urrent upwelling cells},
  author={Chhak, K and Di Lorenzo, E},
  journal={Geophysical Research Letters},
  volume={34},
  number={14},
  year={2007},
  publisher={Wiley Online Library}
}

@article{macias2012climatic,
  title={Climatic control of upwelling variability along the western \text{N}orth-\text{A}merican coast},
  author={Macias, Diego and Landry, Michael R and Gershunov, Alexander and Miller, Arthur J and Franks, Peter JS},
  journal={PloS one},
  volume={7},
  number={1},
  pages={e30436},
  year={2012},
  publisher={Public Library of Science}
}

@article{peterson2017pelagic,
  title={The pelagic ecosystem in the \text{N}orthern \text{C}alifornia \text{C}urrent off \text{O}regon during the 2014--2016 warm anomalies within the context of the past 20 years},
  author={Peterson, William T and Fisher, Jennifer L and Strub, P Ted and Du, Xiuning and Risien, Craig and Peterson, Jay and Shaw, C Tracy},
  journal={Journal of Geophysical Research: Oceans},
  volume={122},
  number={9},
  pages={7267--7290},
  year={2017},
  publisher={Wiley Online Library}
}

@article{morgan2019recent,
  title={Recent ecosystem disturbance in the \text{N}orthern \text{C}alifornia \text{C}urrent},
  author={Morgan, Cheryl A and Beckman, Brian R and Weitkamp, Laurie A and Fresh, Kurt L},
  journal={Fisheries},
  volume={44},
  number={10},
  pages={465--474},
  year={2019},
  publisher={Wiley Online Library}
}

@article{cooney2001seasonality,
  title={Seasonality in surface-layer net zooplankton communities in \text{P}rince \text{W}illiam \text{S}ound, \text{A}laska},
  author={Cooney, RT and Coyle, KO and Stockmar, E and Stark, C},
  journal={Fisheries Oceanography},
  volume={10},
  pages={97--109},
  year={2001},
  publisher={Wiley Online Library}
}

@article{mackas2001changes,
  title={Changes in the zooplankton community of the \text{B}ritish \text{C}olumbia continental margin, 1985-1999, and their covariation with oceanographic conditions},
  author={Mackas, DL and Thomson, Richard E and Galbraith, Moira},
  journal={Canadian Journal of Fisheries and Aquatic Sciences},
  volume={58},
  number={4},
  pages={685--702},
  year={2001},
  publisher={NRC Research Press}
}

@article{peterson2003interannual,
  title={Interannual variability in copepod community composition at a coastal station in the \text{N}orthern \text{C}alifornia \text{C}urrent: a multivariate approach},
  author={Peterson, William T and Keister, Julie E},
  journal={Deep Sea Research Part II: Topical Studies in Oceanography},
  volume={50},
  number={14-16},
  pages={2499--2517},
  year={2003},
  publisher={Elsevier}
}

@article{hooff2006copepod,
  title={Copepod biodiversity as an indicator of changes in ocean and climate conditions of the \text{N}orthern \text{C}alifornia \text{C}urrent ecosystem},
  author={Hooff, Rian C and Peterson, William T},
  journal={Limnology and Oceanography},
  volume={51},
  number={6},
  pages={2607--2620},
  year={2006},
  publisher={Wiley Online Library}
}

@article{mackas2006zooplankton,
  title={Zooplankton anomalies in the \text{C}alifornia \text{C}urrent system before and during the warm ocean conditions of 2005},
  author={Mackas, DL and Peterson, WT and Ohman, MD and Lavaniegos, BE},
  journal={Geophysical Research Letters},
  volume={33},
  number={22},
  year={2006},
  publisher={Wiley Online Library}
}

@article{peterson1977seasonal,
  title={Seasonal cycle of zooplankton abundance and species composition along the \text{C}entral \text{O}regon coast},
  author={Peterson, William T},
  journal={Fish. Bull.},
  volume={75},
  pages={717--724},
  year={1977}
}

@article{peterson2014applied,
  title={Applied fisheries oceanography: ecosystem indicators of ocean conditions inform fisheries management in the \text{C}alifornia \text{C}urrent},
  author={Peterson, William T and Fisher, Jennifer L and Peterson, Jay O and Morgan, Cheryl A and Burke, Brian J and Fresh, Kurt L},
  journal={Oceanography},
  volume={27},
  number={4},
  pages={80--89},
  year={2014},
  publisher={JSTOR}
}

@article{miller2017temporal,
  title={Temporal variation in the biochemical ecology of lower trophic levels in the \text{N}orthern \text{C}alifornia \text{C}urrent},
  author={Miller, Jessica A and Peterson, WT and Copeman, Louise A and Du, Xiuning and Morgan, CA and Litz, Marisa NC},
  journal={Progress in Oceanography},
  volume={155},
  pages={1--12},
  year={2017},
  publisher={Elsevier}
}

@article{tucker2015coastal,
  title={Coastal distribution and consequent factors influencing production of endangered \text{S}nake \text{R}iver sockeye salmon},
  author={Tucker, S and Thiess, ME and Morris, JFT and Mackas, D and Peterson, WT and Candy, JR and Beacham, TD and Iwamoto, EM and Teel, David J and Peterson, M and others},
  journal={Transactions of the American Fisheries Society},
  volume={144},
  number={1},
  pages={107--123},
  year={2015},
  publisher={Taylor \& Francis}
}

@article{harvey2020importance,
    title={The importance of long-term ecological time series for integrated ecosystem assessment and ecosystem-based management},
    author={Harvey, C.J. and Fisher, J.L. and Samhouri, J.F. and Williams, G.D. and Francis, T.B. and Jaobson, K.C. and deReynier, Y.L. and Hunsicker, M.E. and Garfield, N.},
    journal={Progress in Oceanography},
    year={this issue}
}

@article{keister2011zooplankton,
  title={Zooplankton species composition is linked to ocean transport in the \text{N}orthern \text{C}alifornia \text{C}urrent},
  author={Keister, Julie E and Di Lorenzo, E and Morgan, CA and Combes, Vincent and Peterson, WT},
  journal={Global Change Biology},
  volume={17},
  number={7},
  pages={2498--2511},
  year={2011},
  publisher={Wiley Online Library}
}

@article{fisher2015impact,
  title={The impact of \text{E}l \text{N}i{\~n}o events on the pelagic food chain in the \text{N}orthern \text{C}alifornia \text{C}urrent},
  author={Fisher, Jennifer L and Peterson, William T and Rykaczewski, Ryan R},
  journal={Global Change Biology},
  volume={21},
  number={12},
  pages={4401--4414},
  year={2015},
  publisher={Wiley Online Library}
}

@book{peterson2019ocean,
  title={Ocean ecosystem indicators of salmon marine survival in the \text{N}orthern \text{C}alifornia \text{C}urrent},
  author={Peterson, W.T. and Fisher, J.L. and Morgan, C.A. and Zeman, S.M. and Burke, B.J. and Jacobson, K.C.},
  year={2019},
  publisher={US Department of Commerce, National Oceanic and Atmospheric Administration}
}

@article{wells2017state,
  title={State Of The \text{C}alifornia \text{C}urrent 2016-17: Still anything but" normal" in the \text{N}orth},
  author={Wells, B.K. and Schroeder, I.D. and Bograd, S.J. and Hazen, E.L. and Jacox, M.G. and Leising, A. and Mantua, N. and Santora, J.A. and Fisher, J. and Peterson, B. and Bjorkstedt, E. and Robertson, R.R. and Chavez, F.P. and Goericke, R. and Kudela, R. and Anderson, C. and Lavaniegos, B.E. and Gomez-Valdes, J. and Brodeur, R.D. and Daly, E.A. and Morgan, C.A. and Auth, T.D. and Field, J. and Sakuma, K. and McClatchie, S. and Thompson, A.R. and Weber, E.D. and Watson, W. and Suryan, R.M. and Parrish, J. and Dolliver, J. and Loredo, S. and Porquez, J.M. and Zamon, J.E. and Schneider, S.R. and Golightly, R.T. and Warzybok, P. and Bradley, R. and Jahncke, J. and Sydeman, W. and Melin, S.R. and Hildebrand, J. and Debich, A.J. and Thayre, B.},
  journal={California Cooperative Oceanic Fisheries Investigations Reports},
  volume={58},
  pages={1--55},
  year={2017}
}

@article{thompson2018state,
  title={State Of the \text{C}alifornia \text{C}urrent 2016-17: Still anything but" normal" in the \text{N}orth},
  author={Thompson, A.R. and Schroeder, I.D. and Bograd, S.J. and Hazen, E.L. and Jacox, M.G. and Leising, A. and Wells, B.K. and Largier, J.L. and Fisher, J.L. and Jacobson, K.C. and Zeman, S. and Bjorkstedt, E. and Robertson, R.R. and Chavez, F.P. and Kahru, M. and Goericke, R. and Mcclatchie, S. and Peabody, C.E. and Baumgartner, T.R. and Lavaniegos, B.E. and Gomez-Valdes, J. and Brodeur, R.D. and Daly, E.A. and Morgan, C.A. and Auth, T.D. and Burke, B.J. and Field, J. and Sakuma, K. and Weber, E.D. and Watson, W. and Coates, J. and Schoenbaum, R. and Rogers-Bennett, L. and Suryan, R.M. and Dolliver, J. and Loredo, S. and Zamon, J.E. and Schneider, S.R. and Golightly, R.T. and Warzybok, P. and Jahncke, J. and Santora, J.A. and Thompson, S.A. and Sydeman, W. and Melin, S.R.},
  journal={California Cooperative Oceanic Fisheries Investigations Reports},
  volume={59},
  pages={1--66},
  year={2018}
}

@article{thompson2019state,
  title={State of the \text{C}alifornia \text{C}urrent 2018-19: A novel anchovy regime and a new marine heatwave?},
  author={Thompson, A.R. and Schroeder, I.D. and Bograd, S.J. and Hazen, E.L. and Jacox, M.G. and Leising, A. and Wells, B.K. and Largier, J. and Fisher, J.L. and Jacobson, K.C. and Zeman, S.M. and Bjorkstedt, E.P. and Robertson, R.R. and Kahru, M. and Goericke, R. and Peabody, C.E. and Baumgartner, T.R. and Lavaniegos, B.E. and Miranda, L.E. and Gomez-Ocampo, E. and Gomez-Valdes, J. and Auth, T.D. and Daly, E.A. and Morgan, C.A. and Burke, B.J. and Field, J.C. and Sakuma, K.M. and Weber, E.D. and Watson, W. and Porquez, J.M. and Dolliver, J. and Lyons, D.E. and Orben, R.A. and Zamon, J.E. and Pete, W. and Jahncke, J. and Santora, J.A. and Thomspson, S.A. and Hoover, B. and Sydeman, W. and Melin, S.},
  journal={California Cooperative Oceanic Fisheries Investigations Reports},
  volume={60},
  year={2019}
}

@article{harvey2018ecosystem,
  title={Ecosystem Status Report of the \text{C}alifornia \text{C}urrent for 2018: A Summary of Ecosystem Indicators Compiled by the \text{C}alifornia \text{C}urrent \text{I}ntegrated \text{E}cosystem \text{A}ssessment team (CCIEA)},
  author={Harvey, C. and Garfield, N. and Williams, G. and Tolimieri, N. and Schroeder, I. and Hazen, E. and Andrews, K. and Barnas, K. and Bograd, S. and Brodeur, R. and Burke, B. and Cope, J.  and deWitt, L. and Field, J. and Fisher, J. and Greene, C. and D. Holland and Hunsicker, M. and Jacox, M. and Kasperski, S. and Kim, S. and Leising, A. and Melin, S. and Morgan, C. and Muhling, B. and Munsch, S. and Norman, K. and Peterson, W.T. and Poe, M. and Samhouri, J. and Sydeman, W. and Thayer, J. and Thompson, A. and Tommasi, D. and Varney, A. and Wells, B. and Williams, T. and Zamon, J. and Lawson, D. and Anderson, S. and Gao, J. and Litzow, M. and McClatchie, S. and Ward, E. and Zador, S.},
  journal={U.S. Department of Commerce, NOAA Technical Memorandum},
  volume={NMFS-NWFSC-145},
  year={2018}
}

@article{harvey2019ecosystem,
  title={Ecosystem Status Report of the \text{C}alifornia \text{C}urrent for 2019: A Summary of Ecosystem Indicators Compiled by the \text{C}alifornia \text{C}urrent \text{I}ntegrated \text{E}cosystem \text{A}ssessment team (CCIEA)},
  author={Harvey, C. and Garfield, N. and Williams, G. and Tolimieri, N. and Schroeder, I. and Andrews, K. and Barnas, K. and Bjorkstedt, E. and Bograd, S. and Brodeur, R. and Burke, B. and Cope, J. and Coyne, A. and deWitt, L. and Dowell, J. and Field, J. and Fisher, J. and Frey, P. and Good, T. and Greene, C. and Hazen, E. and Holland, D. and Hunter, M. and Jacobson, K. and Jacox, M. and Juhasz, C. and Kaplan, I. and Kasperski, S. and Lawson, D. and Leising, A. and Manderson, A. and Melin, S. and Moore, S. and Morgan, C. and Muhling, B. and Munsch, S. and Norman, K. and Robertson, R. and Rofers-Bennett, L. and Sakuma, K. and Samhouri, J. and Selden, R. and Siedlecki, S. and Somers, K. and Sydeman, W. and Thompson, A. and Thorson, J. and Tommasi, D. and Trainer, A. and Varney, A. and Wells, B. and Williams, M. and Williams, T. and Zamon, J. and Zeman, S.},
  journal={U.S. Department of Commerce, NOAA Technical Memorandum},
  volume={NMFS-NWFSC-149},
  year={2019}
}

@article{mackas2004comparisons,
  title={Comparisons of interannual biomass anomalies of zooplankton communities along the continental margins of \text{B}ritish \text{C}olumbia and \text{O}regon},
  author={Mackas, DL and Peterson, WT and Zamon, JE},
  journal={Deep Sea Research Part II: Topical Studies in Oceanography},
  volume={51},
  number={6-9},
  pages={875--896},
  year={2004},
  publisher={Elsevier}
}

@article{robertson1968continuous,
  title={Continuous plankton recorder: a method for studying the biomass of calanoid copepods},
  author={Robertson, Andrew},
  journal={Bulletins of marine ecology},
  year={1968}
}

@phdthesis{peterson1980life,
  title={Life history and ecology of \textit{Calanus marshallae} in the \text{O}regon upwelling zone},
  author={Peterson, WT},
  year={1980},
  school={Oceanography (p. 200). Ph. D. thesis, Oregon State University}
}

@incollection{breteler1988influence,
  title={Influence of temperature and food concentration on body size, weight and lipid content of two calanoid copepod species},
  author={Breteler, WCM Klein and Gonzalez, SR},
  booktitle={Biology of Copepods},
  pages={201--210},
  year={1988},
  publisher={Springer}
}

@article{chisholm1990size,
  title={Size-weight relationships and biomass of tropical neritic copepods off \text{K}ingston, \text{J}amaica},
  author={Chisholm, Laurie A and Roff, John C},
  journal={Marine Biology},
  volume={106},
  number={1},
  pages={71--77},
  year={1990},
  publisher={Springer}
}

@article{webber1995annual,
  title={Annual biomass and production of the oceanic copepod community off \text{D}iscovery \text{B}ay, \text{J}amaica},
  author={Webber, Mona K and Roff, John C},
  journal={Marine Biology},
  volume={123},
  number={3},
  pages={481--495},
  year={1995},
  publisher={Springer}
}

@book{fleminger1964distributional,
  title={Distributional atlas of calanoid copepods in the \text{C}alifornia \text{C}urrent region},
  author={Fleminger, Abraham},
  year={1964},
  publisher={State of California Marine, Research Committee}
}

@article{barnett1987pattern,
  title={Pattern and persistence of a nearshore planktonic ecosystem off \text{S}outhern \text{C}alifornia},
  author={Barnett, Arthur M and Jahn, Andrew E},
  journal={Continental Shelf Research},
  volume={7},
  number={1},
  pages={1--25},
  year={1987},
  publisher={Elsevier}
}

@article{keister2003zonal,
  title={Zonal and seasonal variations in zooplankton community structure off the \text{C}entral \text{O}regon coast, 1998--2000},
  author={Keister, Julie E and Peterson, William T},
  journal={Progress in Oceanography},
  volume={57},
  number={3-4},
  pages={341--361},
  year={2003},
  publisher={Elsevier}
}

@article{bi2011transport,
  title={Transport and coastal zooplankton communities in the \text{N}orthern \text{N}alifornia \text{C}urrent system},
  author={Bi, Hongsheng and Peterson, William T and Strub, Paul T},
  journal={Geophysical Research Letters},
  volume={38},
  number={12},
  year={2011},
  publisher={Wiley Online Library}
}

@article{uye1982length,
  title={Length-weight relationships of important zooplankton from the \text{I}nland \text{S}ea of \text{J}apan},
  author={Uye, Shin-ichi},
  journal={Journal of the Oceanographical Society of Japan},
  volume={38},
  number={3},
  pages={149--158},
  year={1982},
  publisher={Springer}
}

@article{benjamini1995controlling,
  title={Controlling the false discovery rate: a practical and powerful approach to multiple testing},
  author={Benjamini, Yoav and Hochberg, Yosef},
  journal={Journal of the Royal statistical society: series B (Methodological)},
  volume={57},
  number={1},
  pages={289--300},
  year={1995},
  publisher={Wiley Online Library}
}

@Manual{dumelle2021pairedstats,
    title = {pairedstats: Summary Statistics for Paired Variables. R package version 0.0.0.9001.},
    author = {Michael Dumelle},
    year = {2021}
}

@article{bograd2009phenology,
  title={Phenology of coastal upwelling in the \text{C}alifornia \text{C}urrent},
  author={Bograd, Steven J and Schroeder, Isaac and Sarkar, Nandita and Qiu, Xuemei and Sydeman, William J and Schwing, Franklin B},
  journal={Geophysical Research Letters},
  volume={36},
  number={1},
  year={2009},
  publisher={Wiley Online Library}
}

@article{castelao2005coastal,
  title={Coastal ocean response to summer upwelling favorable winds in a region of alongshore bottom topography variations off \text{O}regon},
  author={Castelao, Renato M and Barth, John A},
  journal={Journal of Geophysical Research: Oceans},
  volume={110},
  number={C10},
  year={2005},
  publisher={Wiley Online Library}
}

@incollection{landry1989broad,
  title={Broad-scale distributional patterns of hydrographic variables on the \text{W}ashington/\text{O}regon shelf},
  author={Landry, MR and Postel, JR and Peterson, WK and Newman, J},
  booktitle={Elsevier Oceanography Series},
  volume={47},
  pages={1--40},
  year={1989},
  publisher={Elsevier}
}

@article{hickey2003oceanography,
  title={Oceanography of the \text{US} \text{P}acific \text{N}orthwest coastal ocean and estuaries with application to coastal ecology},
  author={Hickey, Barbara M and Banas, Neil S},
  journal={Estuaries},
  volume={26},
  number={4},
  pages={1010--1031},
  year={2003},
  publisher={Springer}
}

@article{hickey2006evolution,
  title={Evolution of chemical, biological, and physical water properties in the \text{N}orthern \text{C}alifornia \text{C}urrent in 2005: Remote or local wind forcing?},
  author={Hickey, B and MacFadyen, A and Cochlan, W and Kudela, R and Bruland, K and Trick, C},
  journal={Geophysical Research Letters},
  volume={33},
  number={22},
  year={2006},
  publisher={Wiley Online Library}
}

@article{ware2005bottom,
  title={Bottom-up ecosystem trophic dynamics determine fish production in the \text{N}ortheast \text{P}acific},
  author={Ware, Daniel M and Thomson, Richard E},
  journal={science},
  volume={308},
  number={5726},
  pages={1280--1284},
  year={2005},
  publisher={American Association for the Advancement of Science}
}

@article{macfadyen2008influences,
  title={Influences of the \text{J}uan de \text{F}uca \text{E}ddy on circulation, nutrients, and phytoplankton production in the \text{N}orthern \text{C}alifornia \text{C}urrent System},
  author={MacFadyen, Amy and Hickey, BM and Cochlan, WP},
  journal={Journal of Geophysical Research: Oceans},
  volume={113},
  number={C8},
  year={2008},
  publisher={Wiley Online Library}
}

@article{hickey2010river,
  title={River influences on shelf ecosystems: introduction and synthesis},
  author={Hickey, Barbara M and Kudela, Raphael M and Nash, JD and Bruland, Kenneth W and Peterson, William T and MacCready, P and Lessard, Evelyn J and Jay, David A and Banas, Neil S and Baptista, Antonio M and others},
  journal={Journal of Geophysical Research: Oceans},
  volume={115},
  number={C2},
  year={2010},
  publisher={Wiley Online Library}
}

@article{peterson1979zonation,
  title={Zonation and maintenance of copepod populations in the \text{O}regon upwelling zone},
  author={Peterson, William T and Miller, Charles B and Hutchinson, Anne},
  journal={Deep Sea Research Part A. Oceanographic Research Papers},
  volume={26},
  number={5},
  pages={467--494},
  year={1979},
  publisher={Elsevier}
}

@article{morgan2003onshore,
  title={Onshore offshore variations in copepod community structure off the \text{O}regon coast during the summer upwelling season},
  author={Morgan, Cheryl A and Peterson, William T and Emmett, Robert L},
  journal={Marine Ecology Progress Series},
  volume={249},
  pages={223--236},
  year={2003}
}

@article{dvoretsky2015interannual,
  title={Interannual variations in abundance and biomass of planktonic copepods \textit{Oithona} in the \text{B}arents \text{S}ea},
  author={Dvoretsky, VG and Dvoretsky, AG},
  journal={Biology Bulletin},
  volume={42},
  number={5},
  pages={449--457},
  year={2015},
  publisher={Springer}
}

@article{hirche1993egg,
  title={Egg production and lipid content of \textit{Calanus glacialis} in spring: indication of a food-dependent and food-independent reproductive mode},
  author={Hirche, H-J and Kattner, Gerhard},
  journal={Marine Biology},
  volume={117},
  number={4},
  pages={615--622},
  year={1993},
  publisher={Springer}
}

@article{peterson2002effect,
  title={The effect of a large cape on distribution patterns of coastal and oceanic copepods off \text{O}regon and \text{N}orthern \text{C}alifornia during the 1998--1999 \text{E}l \text{N}i{\~n}o--\text{L}a \text{N}i{\~n}a},
  author={Peterson, William T and Keister, Julie E},
  journal={Progress in Oceanography},
  volume={53},
  number={2-4},
  pages={389--411},
  year={2002},
  publisher={Elsevier}
}

@article{burke2013multivariate,
  title={Multivariate models of adult \text{P}acific salmon returns},
  author={Burke, Brian J and Peterson, William T and Beckman, Brian R and Morgan, Cheryl and Daly, Elizabeth A and Litz, Marisa},
  journal={PloS one},
  volume={8},
  number={1},
  pages={e54134},
  year={2013},
  publisher={Public Library of Science}
}

@article{rupp2012marine,
  title={Marine environment-based forecasting of coho salmon (\textit{Oncorhynchus kisutch}) adult recruitment},
  author={Rupp, David E and Wainwright, Thomas C and Lawson, Peter W and Peterson, William T},
  journal={Fisheries Oceanography},
  volume={21},
  number={1},
  pages={1--19},
  year={2012},
  publisher={Wiley Online Library}
}

@misc{zimmerman20122010,
  title={2010 Wild Coho Forecasts for \text{P}uget \text{S}ound, \text{W}ashington \text{C}oast, and \text{L}ower \text{C}olumbia},
  author={Zimmerman, Mara},
  year={2012},
  publisher={Washington Department of Fish and Wildlife Olympia}
}

@article{norrbin1990seasonal,
  title={Seasonal variation in lipid class and fatty acid composition of two small copepods in \text{B}alsfjorden, \text{N}orthern \text{N}orway},
  author={Norrbin, MF and Olsen, R-E and Tande, KS},
  journal={Marine Biology},
  volume={105},
  number={2},
  pages={205--211},
  year={1990},
  publisher={Springer}
}

@article{peterson1986development,
  title={Development, growth, and survivorship of the copepod \textit{Calanus marshallae} in the laboratory},
  author={Peterson, William T},
  journal={Marine Ecology Progress Series},
  pages={61--72},
  year={1986},
  publisher={JSTOR}
}

@article{di2013double,
  title={A double-integration hypothesis to explain ocean ecosystem response to climate forcing},
  author={Di Lorenzo, Emanuele and Ohman, Mark D},
  journal={Proceedings of the National Academy of Sciences},
  volume={110},
  number={7},
  pages={2496--2499},
  year={2013},
  publisher={National Acad Sciences}
}

@article{frischknecht2017local,
  title={Local atmospheric forcing driving an unexpected \text{C}alifornia \text{C}urrent \text{S}ystem response during the 2015--2016 \text{E}l \text{N}i{\~n}o},
  author={Frischknecht, Martin and M{\"u}nnich, Matthias and Gruber, Nicolas},
  journal={Geophysical Research Letters},
  volume={44},
  number={1},
  pages={304--311},
  year={2017},
  publisher={Wiley Online Library}
}

@article{hermann2009comparison,
  title={A comparison of remote vs. local influence of \text{E}l \text{N}i{\~n}o on the coastal circulation of the \text{N}ortheast \text{P}acific},
  author={Hermann, Albert J and Curchitser, Enrique N and Haidvogel, Dale B and Dobbins, Elizabeth L},
  journal={Deep Sea Research Part II: Topical Studies in Oceanography},
  volume={56},
  number={24},
  pages={2427--2443},
  year={2009},
  publisher={Elsevier}
}

@Manual{rcore2019r,
    title = {R: A Language and Environment for Statistical Computing},
    author = {{R Core Team}},
    organization = {R Foundation for Statistical Computing},
    address = {Vienna, Austria},
    year = {2019},
    url = {https://www.R-project.org/},
  }

  
  
